@article{Berners-Lee2001,
	Author = {Berners-Lee, Tim and Hendler, James and Lassila, Ora},
	Date-Added = {2018-08-15 15:56:55 +0200},
	Date-Modified = {2018-08-15 15:57:12 +0200},
	Journal = {Scientific american},
	Number = {5},
	Pages = {34--43},
	Title = {{The Semantic Web}},
	Volume = {284},
	Year = {2001}}